<?xml version="1.0" encoding="UTF-8"?>
<record xmlns="http://www.loc.gov/MARC21/slim">
  <leader>02060ntm a22003617a 4500</leader>
  <controlfield tag="001">3742228</controlfield>
  <controlfield tag="005">20111013224200.0</controlfield>
  <controlfield tag="008">090115s1863    xx            000 i eng d</controlfield>
  <datafield tag="033" ind1="0" ind2="0">
    <subfield code="a">18630714</subfield>
  </datafield>
  <datafield tag="035" ind1=" " ind2=" ">
    <subfield code="a">3742228</subfield>
  </datafield>
  <datafield tag="040" ind1=" " ind2=" ">
    <subfield code="a">BRL</subfield>
  </datafield>
  <datafield tag="099" ind1=" " ind2=" ">
    <subfield code="a">Ms.A.1.1 v.6, p.62</subfield>
  </datafield>
  <datafield tag="100" ind1="1" ind2=" ">
    <subfield code="a">Garrison, William Lloyd,</subfield>
    <subfield code="d">1805-1879.</subfield>
  </datafield>
  <datafield tag="245" ind1="1" ind2="0">
    <subfield code="a">[Letter to] Dear Johnson</subfield>
    <subfield code="h">[manuscript].</subfield>
  </datafield>
  <datafield tag="260" ind1=" " ind2=" ">
    <subfield code="a">Boston, [Mass.],</subfield>
    <subfield code="c">July 14, 1863.</subfield>
  </datafield>
  <datafield tag="300" ind1=" " ind2=" ">
    <subfield code="a">1 leaf (3 p.) ;</subfield>
    <subfield code="c">8 x 5 in.</subfield>
  </datafield>
  <datafield tag="500" ind1=" " ind2=" ">
    <subfield code="a">Holograph, signed.</subfield>
  </datafield>
  <datafield tag="500" ind1=" " ind2=" ">
    <subfield code="a">William Lloyd Garrison writes: &quot;Enlcosed, you will find the notice for the 1st of August celebration at Abington. Also, the disclaimer of Conway&apos;s mischievous overture to Mason, by the Executive Committee of the American Anti-Slavery Society.&quot; (See Ms.A.1.2 v.41, p.41B for more about this disclaimer.) Garrison is slowly learning the details of the New York anti-draft riots. He expects there to be a similar riot in Boston. Garrison comments: &quot;How sad the fate of Superintendent Kennedy! How honorably he deserves to be remembered for the manner in which he aimed to discharge the responsible duties of his position!&quot;</subfield>
  </datafield>
  <datafield tag="500" ind1=" " ind2=" ">
    <subfield code="a">Includes an envelope with the delivery address: Oliver Johnson, Anti-Slavery Office, 48 Beekman Street, New York City. It is postmarked July 14, Boston, Mass.</subfield>
  </datafield>
  <datafield tag="510" ind1="4" ind2=" ">
    <subfield code="a">Merrill, Walter M. Letters of William Lloyd Garrison,</subfield>
    <subfield code="c">v.5, no.65.</subfield>
  </datafield>
  <datafield tag="600" ind1="1" ind2="0">
    <subfield code="a">Garrison, William Lloyd,</subfield>
    <subfield code="d">1805-1879</subfield>
    <subfield code="v">Correspondence.</subfield>
  </datafield>
  <datafield tag="600" ind1="1" ind2="0">
    <subfield code="a">Johnson, Oliver,</subfield>
    <subfield code="d">1809-1889</subfield>
    <subfield code="v">Correspondence.</subfield>
  </datafield>
  <datafield tag="600" ind1="1" ind2="0">
    <subfield code="a">Conway, Moncure Daniel,</subfield>
    <subfield code="d">1832-1907.</subfield>
  </datafield>
  <datafield tag="600" ind1="1" ind2="0">
    <subfield code="a">Kennedy, John Alexander,</subfield>
    <subfield code="d">1803-1873.</subfield>
  </datafield>
  <datafield tag="600" ind1="1" ind2="0">
    <subfield code="a">Mason, J. M.</subfield>
    <subfield code="q">(James Murray),</subfield>
    <subfield code="d">1798-1871.</subfield>
  </datafield>
  <datafield tag="650" ind1=" " ind2="0">
    <subfield code="a">Draft Riot, New York, N.Y., 1863.</subfield>
  </datafield>
  <datafield tag="650" ind1=" " ind2="0">
    <subfield code="a">Antislavery movements</subfield>
    <subfield code="z">United States</subfield>
    <subfield code="x">History</subfield>
    <subfield code="y">19th century.</subfield>
  </datafield>
  <datafield tag="650" ind1=" " ind2="0">
    <subfield code="a">Abolitionists</subfield>
    <subfield code="z">United States</subfield>
    <subfield code="y">19th century</subfield>
    <subfield code="v">Correspondence.</subfield>
  </datafield>
  <datafield tag="655" ind1=" " ind2="0">
    <subfield code="a">Letters.</subfield>
  </datafield>
  <datafield tag="655" ind1=" " ind2="0">
    <subfield code="a">Manuscripts.</subfield>
  </datafield>
  <datafield tag="700" ind1="1" ind2=" ">
    <subfield code="a">Johnson, Oliver,</subfield>
    <subfield code="d">1809-1889,</subfield>
    <subfield code="e">recipient.</subfield>
  </datafield>
  <datafield tag="830" ind1=" " ind2="0">
    <subfield code="a">William Lloyd Garrison Correspondence (1823-1879)</subfield>
  </datafield>
  <datafield tag="999" ind1=" " ind2=" ">
    <subfield code="a">shots: 6</subfield>
  </datafield>
</record>
